%% Bibliografía ejemplo creada para el formato lcc.cls
%% La mayoría de las referencias bibliográficas son falsas o indicativas



%% Julio Waissman  

%% Saved with string encoding Unicode (UTF-8) 



@inproceedings{ejemplo_congreso,
	Address = {Ciudad, Pais},
	Author = {Apellido1, N. and Apellido2, N. and Apellido3, N.},
	Booktitle = {Titulo del congreso o de los proceedings del congreso},
	Title = {Titulo de la ponencia como aparece en la memoria},
	Year = {2002}}

@article{ejemplo_articulo,
	Author = {Apellido1, J. and Apellido2, S. Y. and Apellido3, S. and Apellido4, A.},
	Journal = {Nombre de la revista},
	Pages = {29--48},
	Title = {Titulo del art\'iculo},
	Volume = {17},
	Year = {1999}}

@phdthesis{ejemplo_tesis_doctoral,
	Author = {Valencia, P.},
	School = {Universidad de Sonora},
	Title = {Titulo de la tesis doctoral},
	Year = {2002}}

@book{ejemplo_libro,
	Address = {Amsterdam},
	Author = {Zidane, Z. and Cruyf, J. and {do Nascimento}, E.},
	Editor = {Kluwer Academic},
	Publisher = {Kluwer Academic Publishers},
	Series = {International series in intelligent technologies},
	Title = {Fuzzy modeling for football},
	Year = {1998}}

@mastersthesis{ejemplo_maestria,
	Author = {Franco, F.},
	School = {Kikapu University},
	Title = {Titulo de la tesis de maestr\'ia},
	Year = {2008}}

@misc{ejemploURL ,
	author = "A. Asuncion and D.J. Newman",
	year = "2007",
	title = "{UCI} Machine Learning Repository",
	howpublished = "\texttt{http://www.ics.uci.edu/ $\sim$mlearn/ {MLR}epository.html}",
	institution = "University of California, Irvine, School of Information and Computer 
Sciences" } 

@InProceedings{kirlian,
  author = 	 {Cano, E. and Silva, A.M. and Smith, W.},
  title = 	 {Clasificación de imagenes de c\'amaras Kirlian utilizando redes neuronales},
  booktitle =    {1er Congreso de Inteligencia Artificial aplicada a problemas del Aura},
  year = 	 {2000},
  address = 	 {Caborca},
}

@Booklet{pollos,
  title = 	 {Algoritmos geneticos aplicados a la evasión de responsabilidad},
  author = 	 {Robinson, E.},
  howpublished = {Tesis de Licenciatura},
  address = 	 {Universidad CNCI},
  year = 	 {2009},
}

@Article{chackra,
  author = 	 {Sachdeva, A. and Ho, T. and Hern\'andez Pérez, J.},
  title = 	 {A fast algoritm for level regulation of chackra's energy},
  journal = 	 {Int. Journal of Computational Hidden Sciences},
  year = 	 {2008},
  volume = 	 {69},
  number = 	 {7},
  pages = 	 {345--395},
}

@Manual{buhochess,
  title = 	 {{Buhochess}. {Manual} de usuario},
  author = 	 {Lugo, O.},
  organization = {Buhojuegos, S.A. de C.V.},
  address = 	 {Hermosillo},
  year = 	 {2010},
}

@TechReport{KEA,
  author = 	 {Su, M. and Thompson, E.},
  title = 	 {Parallelizing A Convergent Approximate Inference Method},
  institution =  {University of Washington},
  year = 	 {2010},
  number = 	 {576},
}

